<record xmlns="http://www.loc.gov/MARC21/slim" xmlns:xsi="http://www.w3.org/2001/XMLSchema-instance" xsi:schemaLocation="http://www.loc.gov/MARC21/slim http://www.loc.gov/standards/marcxml/schema/MARC21slim.xsd"><leader>     nam a22        4500</leader><controlfield tag="001">001680243</controlfield><controlfield tag="003">NNU</controlfield><controlfield tag="006">m        d        </controlfield><controlfield tag="007">cr cn |||m|||a</controlfield><controlfield tag="008">150313q19601969iq      o     000 0 ara d</controlfield><datafield ind1=" " ind2=" " tag="040"><subfield code="a">NNU</subfield><subfield code="b">eng</subfield><subfield code="c">NNU</subfield></datafield><datafield ind1="1" ind2=" " tag="100"><subfield code="a">&#7716;asan&#299;, &#7716;ab&#299;b &#7716;usayn.</subfield></datafield><datafield ind1="1" ind2="0" tag="245"><subfield code="a">&#7826;un&#363;n wa-agh&#257;n&#299;</subfield><subfield code="h">[electronic resource] /</subfield><subfield code="c">&#7716;ab&#299;b al-&#7716;asan&#299;.</subfield></datafield><datafield ind1=" " ind2=" " tag="260"><subfield code="a">[Baghdad] :</subfield><subfield code="b">Ma&#7789;ba&#699;at Itti&#7717;&#257;d al-Udab&#257;&#700; al-&#699;Ir&#257;q&#299;y&#299;n,</subfield><subfield code="c">[196-?]</subfield></datafield><datafield ind1=" " ind2=" " tag="300"><subfield code="a">online resource (77 p.)</subfield></datafield><datafield ind1=" " ind2=" " tag="500"><subfield code="a">Cover title.</subfield></datafield><datafield ind1=" " ind2=" " tag="500"><subfield code="a">Part of the Arabic Collections Online (ACO) project, contributed by New York Univeristy Libraries.</subfield></datafield><datafield ind1=" " ind2=" " tag="533"><subfield code="a">Electronic reproduction.</subfield><subfield code="b">New York, N.Y. :</subfield><subfield code="c">New York University,</subfield><subfield code="d">2015.</subfield><subfield code="5">NNU</subfield></datafield><datafield ind1="2" ind2=" " tag="710"><subfield code="a">New York University.</subfield><subfield code="b">Libraries.</subfield></datafield><datafield ind1="0" ind2=" " tag="730"><subfield code="a">Arabic Collections Online.</subfield></datafield><datafield ind1="0" ind2="8" tag="776"><subfield code="i">Print version:</subfield><subfield code="a">&#7716;asan&#299;, &#7716;ab&#299;b &#7716;usayn.</subfield><subfield code="t">&#7826;un&#363;n wa-agh&#257;n&#299;</subfield><subfield code="w">(NNU)001680243</subfield></datafield><datafield ind1="4" ind2="0" tag="856"><subfield code="u">http://hdl.handle.net/2333.1/c866t3v5</subfield></datafield><datafield ind1=" " ind2=" " tag="959"><subfield code="a">NNU</subfield><subfield code="b">WEB</subfield><subfield code="c">GENI</subfield><subfield code="t">0</subfield><subfield code="m">Electronic access</subfield><subfield code="s">01</subfield></datafield><datafield ind1=" " ind2=" " tag="999"><subfield code="i">NNU_001680243</subfield><subfield code="s">nyu_aco000513</subfield><subfield code="e">(ERROR-880)</subfield></datafield></record>